[gd_scene load_steps=6 format=2]

[ext_resource path="res://Backend/Widgets/TotalScore.tscn" type="PackedScene" id=1]
[ext_resource path="res://Main Menu/Scripts/MainMenu.gd" type="Script" id=2]
[ext_resource path="res://Main Menu/Subscenes/GamesPlayedLabel.tscn" type="PackedScene" id=3]
[ext_resource path="res://Main Menu/Subscenes/GamesWonLabel.tscn" type="PackedScene" id=4]
[ext_resource path="res://Theme/CustomTheme.tres" type="Theme" id=5]

[node name="MainMenu" type="Node"]
script = ExtResource( 2 )

[node name="MainMenu_UI" type="Control" parent="."]
anchor_right = 1.0
anchor_bottom = 1.0
__meta__ = {
"_edit_use_anchors_": false
}

[node name="OuterMargin" type="MarginContainer" parent="MainMenu_UI"]
anchor_right = 1.0
anchor_bottom = 1.0
margin_left = 20.0
margin_top = 20.0
margin_right = -20.0
margin_bottom = -20.0
__meta__ = {
"_edit_use_anchors_": false
}

[node name="HBoxContainer" type="HBoxContainer" parent="MainMenu_UI/OuterMargin"]
margin_right = 860.0
margin_bottom = 1400.0

[node name="ButtonList" type="VBoxContainer" parent="MainMenu_UI/OuterMargin/HBoxContainer"]
margin_right = 400.0
margin_bottom = 1400.0
rect_min_size = Vector2( 400, 100 )

[node name="Game 1" type="Button" parent="MainMenu_UI/OuterMargin/HBoxContainer/ButtonList"]
margin_right = 400.0
margin_bottom = 80.0
rect_min_size = Vector2( 200, 80 )
theme = ExtResource( 5 )
text = "Level 1"
__meta__ = {
"_edit_use_anchors_": false
}

[node name="Game 2" type="Button" parent="MainMenu_UI/OuterMargin/HBoxContainer/ButtonList"]
margin_top = 84.0
margin_right = 400.0
margin_bottom = 164.0
rect_min_size = Vector2( 200, 80 )
theme = ExtResource( 5 )
text = "Level 2"
__meta__ = {
"_edit_use_anchors_": false
}

[node name="Sort" type="Button" parent="MainMenu_UI/OuterMargin/HBoxContainer/ButtonList"]
margin_top = 168.0
margin_right = 400.0
margin_bottom = 248.0
rect_min_size = Vector2( 200, 80 )
theme = ExtResource( 5 )
text = "Sort"
__meta__ = {
"_edit_use_anchors_": false
}

[node name="Maze" type="Button" parent="MainMenu_UI/OuterMargin/HBoxContainer/ButtonList"]
margin_top = 252.0
margin_right = 400.0
margin_bottom = 332.0
rect_min_size = Vector2( 200, 80 )
theme = ExtResource( 5 )
text = "Maze"
__meta__ = {
"_edit_use_anchors_": false
}

[node name="Meteors" type="Button" parent="MainMenu_UI/OuterMargin/HBoxContainer/ButtonList"]
margin_top = 336.0
margin_right = 400.0
margin_bottom = 416.0
rect_min_size = Vector2( 200, 80 )
theme = ExtResource( 5 )
text = "Meteors"
__meta__ = {
"_edit_use_anchors_": false
}

[node name="Guard" type="Button" parent="MainMenu_UI/OuterMargin/HBoxContainer/ButtonList"]
margin_top = 420.0
margin_right = 400.0
margin_bottom = 500.0
rect_min_size = Vector2( 200, 80 )
theme = ExtResource( 5 )
text = "Guard"
__meta__ = {
"_edit_use_anchors_": false
}

[node name="Balloon" type="Button" parent="MainMenu_UI/OuterMargin/HBoxContainer/ButtonList"]
margin_top = 504.0
margin_right = 400.0
margin_bottom = 584.0
rect_min_size = Vector2( 200, 80 )
theme = ExtResource( 5 )
text = "Balloon"
__meta__ = {
"_edit_use_anchors_": false
}

[node name="VBoxContainer" type="VBoxContainer" parent="MainMenu_UI/OuterMargin/HBoxContainer"]
margin_left = 404.0
margin_right = 819.0
margin_bottom = 1400.0
rect_min_size = Vector2( 200, 100 )
custom_constants/separation = 7

[node name="Title Text" type="Label" parent="MainMenu_UI/OuterMargin/HBoxContainer/VBoxContainer"]
margin_right = 415.0
margin_bottom = 40.0
theme = ExtResource( 5 )
text = "Here's some text"

[node name="TotalScore" parent="MainMenu_UI/OuterMargin/HBoxContainer/VBoxContainer" instance=ExtResource( 1 )]

[node name="GamesPlayed" parent="MainMenu_UI/OuterMargin/HBoxContainer/VBoxContainer" instance=ExtResource( 3 )]
margin_top = 94.0
margin_right = 415.0
margin_bottom = 134.0

[node name="GamesWon" parent="MainMenu_UI/OuterMargin/HBoxContainer/VBoxContainer" instance=ExtResource( 4 )]
margin_top = 141.0
margin_right = 415.0
margin_bottom = 181.0
[connection signal="pressed" from="MainMenu_UI/OuterMargin/HBoxContainer/ButtonList/Game 1" to="." method="_on_Game_1_pressed"]
[connection signal="pressed" from="MainMenu_UI/OuterMargin/HBoxContainer/ButtonList/Game 2" to="." method="_on_Game_2_pressed"]
[connection signal="pressed" from="MainMenu_UI/OuterMargin/HBoxContainer/ButtonList/Sort" to="." method="_on_Sort_pressed"]
[connection signal="pressed" from="MainMenu_UI/OuterMargin/HBoxContainer/ButtonList/Maze" to="." method="_on_Maze_pressed"]
[connection signal="pressed" from="MainMenu_UI/OuterMargin/HBoxContainer/ButtonList/Meteors" to="." method="_on_Meteors_pressed"]
[connection signal="pressed" from="MainMenu_UI/OuterMargin/HBoxContainer/ButtonList/Guard" to="." method="_on_Guard_pressed"]
[connection signal="pressed" from="MainMenu_UI/OuterMargin/HBoxContainer/ButtonList/Balloon" to="." method="_on_Balloon_pressed"]
